@book{nise2011control,
	title={Control Systems Engineering},
	author={Nise, N.S.},
	isbn={9780470646120},
	lccn={2012359114},
	url={https://books.google.dk/books?id=7sVfbwAACAAJ},
	year={2011},
	publisher={Wiley}
}

@book{adaptive,
  title={Adaptive Control: Second Edition},
  author={{\AA}str{\"o}m, K.J. and Wittenmark, B.},
  isbn={9780486319148},
  series={Dover Books on Electrical Engineering},
  url={https://books.google.dk/books?id=4CLCAgAAQBAJ},
  year={2013},
  publisher={Dover Publications}
}

